@misc{GitHub,
	title={{GitHub repository:}},
	howpublished={\url{https://github.com/krilangs/FYS4411/tree/master/Project1}}
}

@article{nilsen2005vortices,
	title={Vortices in atomic bose-einstein condensates in the large-gas-parameter region},
	author={Nilsen, JK and Mur-Petit, Jordi and Guilleumas, Montserrat and Hjorth-Jensen, M and Polls, A},
	journal={Physical Review A},
	volume={71},
	number={5},
	pages={053610},
	year={2005},
	publisher={APS}
}

@article{dubois2001bose,
	title={Bose-Einstein condensation in trapped bosons: A variational Monte Carlo analysis},
	author={DuBois, JL and Glyde, HR},
	journal={Physical Review A},
	volume={63},
	number={2},
	pages={023602},
	year={2001},
	publisher={APS}
}

@article{flyvbjerg1989error,
	title={Error estimates on averages of correlated data},
	author={Flyvbjerg, Henrik and Petersen, Henrik Gordon},
	journal={The Journal of Chemical Physics},
	volume={91},
	number={1},
	pages={461--466},
	year={1989},
	publisher={American Institute of Physics}
}

@article{jonsson2018standard,
	title={Standard error estimation by an automated blocking method},
	author={Jonsson, Marius},
	journal={Physical Review E},
	volume={98},
	number={4},
	pages={043304},
	year={2018},
	publisher={APS}
}