@misc{GitHub,
	title={{GitHub repository:}},
	howpublished={\url{https://github.com/krilangs/FYS4411/tree/master/Project2}}
}

@article{carleo2017solving,
  title={Solving the quantum many-body problem with artificial neural networks},
  author={Carleo, Giuseppe and Troyer, Matthias},
  journal={Science},
  volume={355},
  number={6325},
  pages={602--606},
  year={2017},
  publisher={American Association for the Advancement of Science}
}

@article{taut1993two,
	title={{Two electrons in an external oscillator potential: Particular analytic solutions of a Coulomb correlation problem}},
	author={Taut, M},
	journal={Physical Review A},
	volume={48},
	number={5},
	pages={3561},
	year={1993},
	publisher={APS}
}

@article{flyvbjerg1989error,
	title={Error estimates on averages of correlated data},
	author={Flyvbjerg, Henrik and Petersen, Henrik Gordon},
	journal={The Journal of Chemical Physics},
	volume={91},
	number={1},
	pages={461--466},
	year={1989},
	publisher={American Institute of Physics}
}

@article{jonsson2018standard,
	title={Standard error estimation by an automated blocking method},
	author={Jonsson, Marius},
	journal={Physical Review E},
	volume={98},
	number={4},
	pages={043304},
	year={2018},
	publisher={APS}
}